@COMMENT{
	tipos de entradas mais comuns = {},
	article = {artigo em periódico},
	book = {livro},
	online = {recurso online ou página web}
}

@book{baliga2010fundamentals,
  title={Fundamentals of Power Semiconductor Devices},
  author={Baliga, B.J.},
  isbn={9780387473147},
  lccn={2008923040},
  url={https://books.google.com.br/books?id=UiqrUWrYZXkC},
  year={2010},
  publisher={Springer US}
}
